@misc{ramgraber2025friendly,
  author       = {Ramgraber, Maximilian and others},
  title        = {A Friendly Introduction to Triangular Transport},
  year         = {2025},
  eprint       = {2503.21673},
  archivePrefix= {arXiv},
  primaryClass = {stat.ME},
  note         = {Preprint}
}

@article{rosenblatt1952remarks,
  author       = {Rosenblatt, Murray},
  title        = {Remarks on a Multivariate Transformation},
  journal      = {The Annals of Mathematical Statistics},
  year         = {1952},
  volume       = {23},
  number       = {3},
  pages        = {470--472},
  doi          = {10.1214/aoms/1177729391}
}

@article{knothe1957contributions,
  author       = {Knothe, Heinz},
  title        = {Contributions to the Theory of Convex Bodies},
  journal      = {Mathematische Zeitschrift},
  year         = {1957},
  volume       = {66},
  pages        = {199--210},
  doi          = {10.1007/BF01187920}
}

@article{hothorn2018conditional,
  author       = {Hothorn, Torsten and Kneib, Thomas and B{"u}hlmann, Peter},
  title        = {Conditional Transformation Models},
  journal      = {Journal of the Royal Statistical Society: Series B (Statistical Methodology)},
  year         = {2018},
  volume       = {80},
  number       = {5},
  pages        = {955--980},
  doi          = {10.1111/rssb.12269}
}

@article{hothorn2017transformation,
  author       = {Hothorn, Torsten and Zeileis, Achim},
  title        = {Transformation Forests},
  journal      = {Machine Learning},
  year         = {2017},
  volume       = {106},
  number       = {9--10},
  pages        = {1469--1481},
  doi          = {10.1007/s10994-017-5633-3}
}

@misc{hothorn2021transformation,
  author       = {Hothorn, Torsten and Zeileis, Achim},
  title        = {Transformation Forests: A Framework for Parametric, Nonparametric, and Semiparametric Regression and Distributional Modeling},
  year         = {2021},
  note         = {Working paper}
}

@article{sklar1959fonctions,
  author       = {Sklar, Abe},
  title        = {Fonctions de R{\'e}partition {\`a} n Dimensions et Leurs Marges},
  journal      = {Publications de l'Institut de Statistique de l'Universit{\'e} de Paris},
  year         = {1959},
  volume       = {8},
  pages        = {229--231}
}

@inproceedings{rezende2015variational,
  author       = {Rezende, Danilo Jimenez and Mohamed, Shakir},
  title        = {Variational Inference with Normalizing Flows},
  booktitle    = {Proceedings of the 32nd International Conference on Machine Learning},
  year         = {2015},
  pages        = {1530--1538}
}

@inproceedings{dinh2017real,
  author       = {Dinh, Laurent and Krueger, David and Bengio, Yoshua},
  title        = {Density Estimation using Real {NVP}},
  booktitle    = {International Conference on Learning Representations},
  year         = {2017}
}

@article{papamakarios2021normalizing,
  author       = {Papamakarios, George and Nalisnick, Eric and Rezende, Danilo Jimenez and Mohamed, Shakir and Lakshminarayanan, Balaji},
  title        = {Normalizing Flows for Probabilistic Modeling and Inference},
  journal      = {Journal of Machine Learning Research},
  year         = {2021},
  volume       = {22},
  number       = {57},
  pages        = {1--64}
}

@inproceedings{papamakarios2017masked,
  author       = {Papamakarios, George and Pavlakou, Theo and Murray, Iain},
  title        = {Masked Autoregressive Flow for Density Estimation},
  booktitle    = {Advances in Neural Information Processing Systems},
  year         = {2017},
  volume       = {30}
}

@inproceedings{durkan2019neural,
  author       = {Durkan, Conor and Bekasov, Artur and Murray, Iain and Papamakarios, George},
  title        = {Neural Spline Flows},
  booktitle    = {Advances in Neural Information Processing Systems},
  year         = {2019},
  volume       = {32}
}
